<?xml version="1.0" encoding="UTF-8"?><record xmlns="http://www.loc.gov/MARC21/slim" xmlns:cinclude="http://apache.org/cocoon/include/1.0" xmlns:zs="http://www.loc.gov/zing/srw/">
  <leader>00634nz  a2200145n  4500</leader>
  <controlfield tag="001">nb2004314799</controlfield>
  <controlfield tag="003">DLC</controlfield>
  <controlfield tag="005">20050224051600.0</controlfield>
  <controlfield tag="008">050223n| acannaabn          |a ana      </controlfield>
  <datafield tag="010" ind1=" " ind2=" ">
    <subfield code="a">nb2004314799</subfield>
  </datafield>
  <datafield tag="035" ind1=" " ind2=" ">
    <subfield code="a">(Uk)006120513</subfield>
  </datafield>
  <datafield tag="040" ind1=" " ind2=" ">
    <subfield code="a">Uk</subfield>
    <subfield code="b">eng</subfield>
    <subfield code="c">Uk</subfield>
  </datafield>
  <datafield tag="110" ind1="2" ind2=" ">
    <subfield code="a">Ceolfrith Arts Centre.</subfield>
    <subfield code="b">Bookshop Gallery</subfield>
  </datafield>
  <datafield tag="510" ind1="2" ind2=" ">
    <subfield code="w">a</subfield>
    <subfield code="a">Bookshop Gallery (Sunderland, Tyne and Wear, England)</subfield>
  </datafield>
  <datafield tag="670" ind1=" " ind2=" ">
    <subfield code="a">Ceolfrith Arts Centre &amp; Bookshop Gallery, 1969-72, 1971:</subfield>
    <subfield code="b">p.[3] (the Bookshop Gallery is situated on the first and second floors of Ceolfrith Arts Centre in Sunderland) p.[21] (in late 1970 or early 1971, its name changed to the Ceolfrith Arts Centre)</subfield>
  </datafield>
</record>